<?xml version="1.0" encoding="UTF-8"?>
  <record xmlns="http://www.loc.gov/MARC21/slim" type="Authority">
    <leader>00000nz  a2200000nc 4500</leader>
    <controlfield tag="001">118793519</controlfield>
    <controlfield tag="003">DE-101</controlfield>
    <controlfield tag="005">20220604101613.0</controlfield>
    <controlfield tag="008">880701n||azznnaabn           | aaa    |c</controlfield>
    <datafield tag="024" ind1="7" ind2=" ">
      <subfield code="a">118793519</subfield>
      <subfield code="0">http://d-nb.info/gnd/118793519</subfield>
      <subfield code="2">gnd</subfield>
    </datafield>
    <datafield tag="035" ind1=" " ind2=" ">
      <subfield code="a">(DE-101)118793519</subfield>
    </datafield>
    <datafield tag="035" ind1=" " ind2=" ">
      <subfield code="a">(DE-588)118793519</subfield>
    </datafield>
    <datafield tag="035" ind1=" " ind2=" ">
      <subfield code="z">(DE-588)1089960158</subfield>
    </datafield>
    <datafield tag="035" ind1=" " ind2=" ">
      <subfield code="z">(DE-588)1089720564</subfield>
    </datafield>
    <datafield tag="035" ind1=" " ind2=" ">
      <subfield code="z">(DE-588)186603207</subfield>
    </datafield>
    <datafield tag="035" ind1=" " ind2=" ">
      <subfield code="z">(DE-588a)186603207</subfield>
      <subfield code="9">v:zg</subfield>
    </datafield>
    <datafield tag="035" ind1=" " ind2=" ">
      <subfield code="z">(DE-588)17439201X</subfield>
    </datafield>
    <datafield tag="035" ind1=" " ind2=" ">
      <subfield code="z">(DE-588a)17439201X</subfield>
      <subfield code="9">v:zg</subfield>
    </datafield>
    <datafield tag="035" ind1=" " ind2=" ">
      <subfield code="z">(DE-588)174114095</subfield>
    </datafield>
    <datafield tag="035" ind1=" " ind2=" ">
      <subfield code="z">(DE-588a)174114095</subfield>
      <subfield code="9">v:zg</subfield>
    </datafield>
    <datafield tag="035" ind1=" " ind2=" ">
      <subfield code="z">(DE-588a)118793519</subfield>
      <subfield code="9">v:zg</subfield>
    </datafield>
    <datafield tag="035" ind1=" " ind2=" ">
      <subfield code="z">(DE-588a)119795353</subfield>
    </datafield>
    <datafield tag="035" ind1=" " ind2=" ">
      <subfield code="z">(DE-588c)4112118-1</subfield>
      <subfield code="9">v:zg</subfield>
    </datafield>
    <datafield tag="040" ind1=" " ind2=" ">
      <subfield code="a">DE-101</subfield>
      <subfield code="c">DE-101</subfield>
      <subfield code="9">r:DE-101</subfield>
      <subfield code="b">ger</subfield>
      <subfield code="d">1210</subfield>
    </datafield>
    <datafield tag="042" ind1=" " ind2=" ">
      <subfield code="a">gnd1</subfield>
    </datafield>
    <datafield tag="043" ind1=" " ind2=" ">
      <subfield code="c">XT</subfield>
    </datafield>
    <datafield tag="065" ind1=" " ind2=" ">
      <subfield code="a">3.6p</subfield>
      <subfield code="2">sswd</subfield>
    </datafield>
    <datafield tag="065" ind1=" " ind2=" ">
      <subfield code="a">12.2p</subfield>
      <subfield code="2">sswd</subfield>
    </datafield>
    <datafield tag="075" ind1=" " ind2=" ">
      <subfield code="b">p</subfield>
      <subfield code="2">gndgen</subfield>
    </datafield>
    <datafield tag="075" ind1=" " ind2=" ">
      <subfield code="b">piz</subfield>
      <subfield code="2">gndspec</subfield>
    </datafield>
    <datafield tag="079" ind1=" " ind2=" ">
      <subfield code="a">g</subfield>
      <subfield code="q">a</subfield>
      <subfield code="q">d</subfield>
      <subfield code="q">f</subfield>
      <subfield code="q">p</subfield>
      <subfield code="q">s</subfield>
      <subfield code="q">t</subfield>
      <subfield code="u">v</subfield>
      <subfield code="u">o</subfield>
      <subfield code="u">w</subfield>
    </datafield>
    <datafield tag="100" ind1="0" ind2=" ">
      <subfield code="a">Prosper</subfield>
      <subfield code="c">de Aquitania</subfield>
      <subfield code="d">390-455</subfield>
    </datafield>
    <datafield tag="375" ind1=" " ind2=" ">
      <subfield code="a">1</subfield>
      <subfield code="2">iso5218</subfield>
    </datafield>
    <datafield tag="377" ind1=" " ind2="7">
      <subfield code="a">lat</subfield>
      <subfield code="2">iso639-2b</subfield>
    </datafield>
    <datafield tag="400" ind1="0" ind2=" ">
      <subfield code="a">Ps.-Prospero</subfield>
      <subfield code="c">di Aquitania</subfield>
      <subfield code="d">390-455</subfield>
    </datafield>
    <datafield tag="400" ind1="0" ind2=" ">
      <subfield code="a">Prosper Aquitanus</subfield>
      <subfield code="d">390-455</subfield>
      <subfield code="9">v:(VD-16)</subfield>
    </datafield>
    <datafield tag="400" ind1="1" ind2=" ">
      <subfield code="a">Prosper, episcopus Rheginensis</subfield>
      <subfield code="d">390-455</subfield>
    </datafield>
    <datafield tag="400" ind1="1" ind2=" ">
      <subfield code="a">Aquitaine, Prosper &#152;of&#156;</subfield>
      <subfield code="d">390-455</subfield>
    </datafield>
    <datafield tag="400" ind1="0" ind2=" ">
      <subfield code="a">Prosper</subfield>
      <subfield code="c">d'Aquitaine</subfield>
      <subfield code="d">390-455</subfield>
    </datafield>
    <datafield tag="400" ind1="0" ind2=" ">
      <subfield code="a">Prosper</subfield>
      <subfield code="c">Of Aquitaine</subfield>
      <subfield code="d">390-455</subfield>
    </datafield>
    <datafield tag="400" ind1="0" ind2=" ">
      <subfield code="a">Prosper</subfield>
      <subfield code="c">Von Aquitanien</subfield>
      <subfield code="d">390-455</subfield>
    </datafield>
    <datafield tag="400" ind1="0" ind2=" ">
      <subfield code="a">Prospero</subfield>
      <subfield code="c">D'Aquitania</subfield>
      <subfield code="d">390-455</subfield>
    </datafield>
    <datafield tag="400" ind1="0" ind2=" ">
      <subfield code="a">Prosper</subfield>
      <subfield code="c">Of Aquitania</subfield>
      <subfield code="d">390-455</subfield>
    </datafield>
    <datafield tag="400" ind1="1" ind2=" ">
      <subfield code="a">Tyro, Prosper</subfield>
      <subfield code="d">390-455</subfield>
    </datafield>
    <datafield tag="400" ind1="0" ind2=" ">
      <subfield code="a">Prosperus</subfield>
      <subfield code="d">390-455</subfield>
    </datafield>
    <datafield tag="400" ind1="0" ind2=" ">
      <subfield code="a">Prosperus</subfield>
      <subfield code="c">Aquitanus</subfield>
      <subfield code="d">390-455</subfield>
    </datafield>
    <datafield tag="400" ind1="0" ind2=" ">
      <subfield code="a">Prosper</subfield>
      <subfield code="d">390-455</subfield>
    </datafield>
    <datafield tag="400" ind1="0" ind2=" ">
      <subfield code="a">Prosperus</subfield>
      <subfield code="c">Aquitanicus</subfield>
      <subfield code="d">390-455</subfield>
    </datafield>
    <datafield tag="400" ind1="0" ind2=" ">
      <subfield code="a">Pseudo-Prosper</subfield>
      <subfield code="c">de Aquitania</subfield>
      <subfield code="d">390-455</subfield>
    </datafield>
    <datafield tag="400" ind1="1" ind2=" ">
      <subfield code="a">Prosper, Aquitanus</subfield>
      <subfield code="d">390-455</subfield>
      <subfield code="9">v:(VD-16)</subfield>
    </datafield>
    <datafield tag="400" ind1="0" ind2=" ">
      <subfield code="a">Prosper</subfield>
      <subfield code="c">of Aquitaine</subfield>
      <subfield code="d">390-455</subfield>
    </datafield>
    <datafield tag="400" ind1="1" ind2=" ">
      <subfield code="a">Aquitanicus, Prosperus</subfield>
      <subfield code="d">390-455</subfield>
    </datafield>
    <datafield tag="400" ind1="1" ind2=" ">
      <subfield code="a">Aquitanus, Prosperus</subfield>
      <subfield code="d">390-455</subfield>
    </datafield>
    <datafield tag="400" ind1="0" ind2=" ">
      <subfield code="a">Prosper</subfield>
      <subfield code="c">von Aquitanien</subfield>
      <subfield code="d">390-455</subfield>
    </datafield>
    <datafield tag="400" ind1="0" ind2=" ">
      <subfield code="a">Prosper</subfield>
      <subfield code="c">Aquitanus</subfield>
      <subfield code="d">390-455</subfield>
    </datafield>
    <datafield tag="400" ind1="0" ind2=" ">
      <subfield code="a">Prosper</subfield>
      <subfield code="c">Aquitanicus</subfield>
      <subfield code="d">390-455</subfield>
    </datafield>
    <datafield tag="400" ind1="0" ind2=" ">
      <subfield code="a">Prosper</subfield>
      <subfield code="c">Tiro</subfield>
      <subfield code="d">390-455</subfield>
    </datafield>
    <datafield tag="400" ind1="1" ind2=" ">
      <subfield code="a">Prosper, Tiro</subfield>
      <subfield code="d">390-455</subfield>
    </datafield>
    <datafield tag="400" ind1="0" ind2=" ">
      <subfield code="a">Prosper Tiro</subfield>
      <subfield code="c">Aquitanus</subfield>
      <subfield code="d">390-455</subfield>
    </datafield>
    <datafield tag="400" ind1="0" ind2=" ">
      <subfield code="a">Prosper Tiro</subfield>
      <subfield code="c">von Aquitanien</subfield>
      <subfield code="d">390-455</subfield>
    </datafield>
    <datafield tag="400" ind1="0" ind2=" ">
      <subfield code="a">Tiro</subfield>
      <subfield code="c">Prosper</subfield>
      <subfield code="d">390-455</subfield>
    </datafield>
    <datafield tag="400" ind1="0" ind2=" ">
      <subfield code="a">Prosper</subfield>
      <subfield code="c">Sanctus</subfield>
      <subfield code="d">390-455</subfield>
    </datafield>
    <datafield tag="400" ind1="0" ind2=" ">
      <subfield code="a">Prospero</subfield>
      <subfield code="c">d'Aquitania</subfield>
      <subfield code="d">390-455</subfield>
    </datafield>
    <datafield tag="400" ind1="1" ind2=" ">
      <subfield code="a">Aquitanus, Prosper</subfield>
      <subfield code="d">390-455</subfield>
    </datafield>
    <datafield tag="400" ind1="1" ind2=" ">
      <subfield code="a">Tiro, Prosper</subfield>
      <subfield code="d">390-455</subfield>
    </datafield>
    <datafield tag="400" ind1="1" ind2=" ">
      <subfield code="a">Aquitania, Prosper &#152;de&#156;</subfield>
      <subfield code="d">390-455</subfield>
    </datafield>
    <datafield tag="400" ind1="0" ind2=" ">
      <subfield code="a">Prosper</subfield>
      <subfield code="c">Tyro</subfield>
      <subfield code="d">390-455</subfield>
    </datafield>
    <datafield tag="400" ind1="0" ind2=" ">
      <subfield code="a">Prosperus</subfield>
      <subfield code="c">Rhegiensis</subfield>
      <subfield code="d">390-455</subfield>
    </datafield>
    <datafield tag="400" ind1="0" ind2=" ">
      <subfield code="a">Prosper</subfield>
      <subfield code="c">Regiensis</subfield>
      <subfield code="d">390-455</subfield>
    </datafield>
    <datafield tag="400" ind1="0" ind2=" ">
      <subfield code="a">Prosper</subfield>
      <subfield code="c">of Aquitania</subfield>
      <subfield code="d">390-455</subfield>
    </datafield>
    <datafield tag="400" ind1="0" ind2=" ">
      <subfield code="a">Prosper</subfield>
      <subfield code="c">Saint</subfield>
      <subfield code="d">390-455</subfield>
    </datafield>
    <datafield tag="400" ind1="0" ind2=" ">
      <subfield code="a">Prosper</subfield>
      <subfield code="c">Presbyter</subfield>
      <subfield code="d">390-455</subfield>
    </datafield>
    <datafield tag="400" ind1="0" ind2=" ">
      <subfield code="a">Prospero</subfield>
      <subfield code="c">di Aquitania</subfield>
      <subfield code="d">390-455</subfield>
    </datafield>
    <datafield tag="400" ind1="0" ind2=" ">
      <subfield code="a">Pseudo-Prosper</subfield>
      <subfield code="d">390-455</subfield>
    </datafield>
    <datafield tag="500" ind1="1" ind2=" ">
      <subfield code="0">(DE-101)118519514</subfield>
      <subfield code="0">(DE-588)118519514</subfield>
      <subfield code="0">https://d-nb.info/gnd/118519514</subfield>
      <subfield code="a">Cassiodorus, Flavius Magnus Aurelius</subfield>
      <subfield code="d">490-583</subfield>
      <subfield code="4">beza</subfield>
      <subfield code="4">https://d-nb.info/standards/elementset/gnd#acquaintanceshipOrFriendship</subfield>
      <subfield code="w">r</subfield>
      <subfield code="i">Bekanntschaft</subfield>
      <subfield code="e">Bekanntschaft</subfield>
      <subfield code="9">v:VD-16 Mitverf.</subfield>
    </datafield>
    <datafield tag="500" ind1="1" ind2=" ">
      <subfield code="0">(DE-101)118765116</subfield>
      <subfield code="0">(DE-588)118765116</subfield>
      <subfield code="0">https://d-nb.info/gnd/118765116</subfield>
      <subfield code="a">Sichard, Johann</subfield>
      <subfield code="d">1499-1552</subfield>
      <subfield code="4">beza</subfield>
      <subfield code="4">https://d-nb.info/standards/elementset/gnd#acquaintanceshipOrFriendship</subfield>
      <subfield code="w">r</subfield>
      <subfield code="i">Bekanntschaft</subfield>
      <subfield code="e">Bekanntschaft</subfield>
      <subfield code="9">v:VD-16 Mitverf.</subfield>
    </datafield>
    <datafield tag="500" ind1="1" ind2=" ">
      <subfield code="0">(DE-101)124875130</subfield>
      <subfield code="0">(DE-588)124875130</subfield>
      <subfield code="0">https://d-nb.info/gnd/124875130</subfield>
      <subfield code="a">Petri, Heinrich</subfield>
      <subfield code="d">1508-1579</subfield>
      <subfield code="4">beza</subfield>
      <subfield code="4">https://d-nb.info/standards/elementset/gnd#acquaintanceshipOrFriendship</subfield>
      <subfield code="w">r</subfield>
      <subfield code="i">Bekanntschaft</subfield>
      <subfield code="e">Bekanntschaft</subfield>
      <subfield code="9">v:VD-16 Mitverf.</subfield>
    </datafield>
    <datafield tag="500" ind1="1" ind2=" ">
      <subfield code="0">(DE-101)118642960</subfield>
      <subfield code="0">(DE-588)118642960</subfield>
      <subfield code="0">https://d-nb.info/gnd/118642960</subfield>
      <subfield code="a">Trithemius, Johannes</subfield>
      <subfield code="d">1462-1516</subfield>
      <subfield code="4">beza</subfield>
      <subfield code="4">https://d-nb.info/standards/elementset/gnd#acquaintanceshipOrFriendship</subfield>
      <subfield code="w">r</subfield>
      <subfield code="i">Bekanntschaft</subfield>
      <subfield code="e">Bekanntschaft</subfield>
      <subfield code="9">v:VD-16 Mitverf.</subfield>
    </datafield>
    <datafield tag="500" ind1="1" ind2=" ">
      <subfield code="0">(DE-101)11709711X</subfield>
      <subfield code="0">(DE-588)11709711X</subfield>
      <subfield code="0">https://d-nb.info/gnd/11709711X</subfield>
      <subfield code="a">Ökolampadius, Johannes</subfield>
      <subfield code="d">1482-1531</subfield>
      <subfield code="4">beza</subfield>
      <subfield code="4">https://d-nb.info/standards/elementset/gnd#acquaintanceshipOrFriendship</subfield>
      <subfield code="w">r</subfield>
      <subfield code="i">Bekanntschaft</subfield>
      <subfield code="e">Bekanntschaft</subfield>
      <subfield code="9">v:VD-16 Mitverf.</subfield>
    </datafield>
    <datafield tag="500" ind1="1" ind2=" ">
      <subfield code="0">(DE-101)119792915</subfield>
      <subfield code="0">(DE-588)119792915</subfield>
      <subfield code="0">https://d-nb.info/gnd/119792915</subfield>
      <subfield code="a">Portesius, Johannes</subfield>
      <subfield code="4">beza</subfield>
      <subfield code="4">https://d-nb.info/standards/elementset/gnd#acquaintanceshipOrFriendship</subfield>
      <subfield code="w">r</subfield>
      <subfield code="i">Bekanntschaft</subfield>
      <subfield code="e">Bekanntschaft</subfield>
      <subfield code="9">v:VD-16 Mitverf.</subfield>
    </datafield>
    <datafield tag="500" ind1="0" ind2=" ">
      <subfield code="0">(DE-101)11850245X</subfield>
      <subfield code="0">(DE-588)11850245X</subfield>
      <subfield code="0">https://d-nb.info/gnd/11850245X</subfield>
      <subfield code="a">Ambrosius</subfield>
      <subfield code="c">Mediolanensis, Heiliger</subfield>
      <subfield code="d">339-397</subfield>
      <subfield code="4">beza</subfield>
      <subfield code="4">https://d-nb.info/standards/elementset/gnd#acquaintanceshipOrFriendship</subfield>
      <subfield code="w">r</subfield>
      <subfield code="i">Bekanntschaft</subfield>
      <subfield code="e">Bekanntschaft</subfield>
      <subfield code="9">v:VD-16 Mitverf.</subfield>
    </datafield>
    <datafield tag="500" ind1="1" ind2=" ">
      <subfield code="0">(DE-101)119600404</subfield>
      <subfield code="0">(DE-588)119600404</subfield>
      <subfield code="0">https://d-nb.info/gnd/119600404</subfield>
      <subfield code="a">Acciaiuoli, Zanobi</subfield>
      <subfield code="d">1461-1519</subfield>
      <subfield code="4">beza</subfield>
      <subfield code="4">https://d-nb.info/standards/elementset/gnd#acquaintanceshipOrFriendship</subfield>
      <subfield code="w">r</subfield>
      <subfield code="i">Bekanntschaft</subfield>
      <subfield code="e">Bekanntschaft</subfield>
      <subfield code="9">v:VD-16 Mitverf.</subfield>
    </datafield>
    <datafield tag="500" ind1="1" ind2=" ">
      <subfield code="0">(DE-101)101100787</subfield>
      <subfield code="0">(DE-588)101100787</subfield>
      <subfield code="0">https://d-nb.info/gnd/101100787</subfield>
      <subfield code="a">Carbach, Nikolaus Fabri &#152;von&#156;</subfield>
      <subfield code="d">1485-1534</subfield>
      <subfield code="4">beza</subfield>
      <subfield code="4">https://d-nb.info/standards/elementset/gnd#acquaintanceshipOrFriendship</subfield>
      <subfield code="w">r</subfield>
      <subfield code="i">Bekanntschaft</subfield>
      <subfield code="e">Bekanntschaft</subfield>
      <subfield code="9">v:VD-16 Mitverf.</subfield>
    </datafield>
    <datafield tag="500" ind1="0" ind2=" ">
      <subfield code="0">(DE-101)118750313</subfield>
      <subfield code="0">(DE-588)118750313</subfield>
      <subfield code="0">https://d-nb.info/gnd/118750313</subfield>
      <subfield code="a">Rufinus</subfield>
      <subfield code="c">Aquileiensis</subfield>
      <subfield code="d">345-410</subfield>
      <subfield code="4">beza</subfield>
      <subfield code="4">https://d-nb.info/standards/elementset/gnd#acquaintanceshipOrFriendship</subfield>
      <subfield code="w">r</subfield>
      <subfield code="i">Bekanntschaft</subfield>
      <subfield code="e">Bekanntschaft</subfield>
      <subfield code="9">v:VD-16 Mitverf.</subfield>
    </datafield>
    <datafield tag="500" ind1="1" ind2=" ">
      <subfield code="0">(DE-101)12461650X</subfield>
      <subfield code="0">(DE-588)12461650X</subfield>
      <subfield code="0">https://d-nb.info/gnd/12461650X</subfield>
      <subfield code="a">Christopherson, John</subfield>
      <subfield code="d">-1558</subfield>
      <subfield code="4">beza</subfield>
      <subfield code="4">https://d-nb.info/standards/elementset/gnd#acquaintanceshipOrFriendship</subfield>
      <subfield code="w">r</subfield>
      <subfield code="i">Bekanntschaft</subfield>
      <subfield code="e">Bekanntschaft</subfield>
      <subfield code="9">v:VD-16 Mitverf.</subfield>
    </datafield>
    <datafield tag="500" ind1="1" ind2=" ">
      <subfield code="0">(DE-101)11753689X</subfield>
      <subfield code="0">(DE-588)11753689X</subfield>
      <subfield code="0">https://d-nb.info/gnd/11753689X</subfield>
      <subfield code="a">Freig, Johannes Thomas</subfield>
      <subfield code="d">1543-1583</subfield>
      <subfield code="4">beza</subfield>
      <subfield code="4">https://d-nb.info/standards/elementset/gnd#acquaintanceshipOrFriendship</subfield>
      <subfield code="w">r</subfield>
      <subfield code="i">Bekanntschaft</subfield>
      <subfield code="e">Bekanntschaft</subfield>
      <subfield code="9">v:VD-16 Mitverf.</subfield>
    </datafield>
    <datafield tag="500" ind1="0" ind2=" ">
      <subfield code="0">(DE-101)118716999</subfield>
      <subfield code="0">(DE-588)118716999</subfield>
      <subfield code="0">https://d-nb.info/gnd/118716999</subfield>
      <subfield code="a">Georgius</subfield>
      <subfield code="c">Trapezuntius</subfield>
      <subfield code="d">1395-1484</subfield>
      <subfield code="4">beza</subfield>
      <subfield code="4">https://d-nb.info/standards/elementset/gnd#acquaintanceshipOrFriendship</subfield>
      <subfield code="w">r</subfield>
      <subfield code="i">Bekanntschaft</subfield>
      <subfield code="e">Bekanntschaft</subfield>
      <subfield code="9">v:VD-16 Mitverf.</subfield>
    </datafield>
    <datafield tag="500" ind1="0" ind2=" ">
      <subfield code="0">(DE-101)118531425</subfield>
      <subfield code="0">(DE-588)118531425</subfield>
      <subfield code="0">https://d-nb.info/gnd/118531425</subfield>
      <subfield code="a">Eusebius</subfield>
      <subfield code="c">Caesariensis</subfield>
      <subfield code="d">260-339</subfield>
      <subfield code="4">beza</subfield>
      <subfield code="4">https://d-nb.info/standards/elementset/gnd#acquaintanceshipOrFriendship</subfield>
      <subfield code="w">r</subfield>
      <subfield code="i">Bekanntschaft</subfield>
      <subfield code="e">Bekanntschaft</subfield>
      <subfield code="9">v:VD-16 Mitverf.</subfield>
    </datafield>
    <datafield tag="500" ind1="0" ind2=" ">
      <subfield code="0">(DE-101)119706970</subfield>
      <subfield code="0">(DE-588)119706970</subfield>
      <subfield code="0">https://d-nb.info/gnd/119706970</subfield>
      <subfield code="a">Hermannus</subfield>
      <subfield code="c">von Reichenau</subfield>
      <subfield code="4">beza</subfield>
      <subfield code="4">https://d-nb.info/standards/elementset/gnd#acquaintanceshipOrFriendship</subfield>
      <subfield code="w">r</subfield>
      <subfield code="i">Bekanntschaft</subfield>
      <subfield code="e">Bekanntschaft</subfield>
      <subfield code="9">v:VD-16 Mitverf.</subfield>
    </datafield>
    <datafield tag="500" ind1="0" ind2=" ">
      <subfield code="0">(DE-101)120193205</subfield>
      <subfield code="0">(DE-588)120193205</subfield>
      <subfield code="0">https://d-nb.info/gnd/120193205</subfield>
      <subfield code="a">Matthaeus</subfield>
      <subfield code="c">Palmerius</subfield>
      <subfield code="d">1406-1475</subfield>
      <subfield code="4">beza</subfield>
      <subfield code="4">https://d-nb.info/standards/elementset/gnd#acquaintanceshipOrFriendship</subfield>
      <subfield code="w">r</subfield>
      <subfield code="i">Bekanntschaft</subfield>
      <subfield code="e">Bekanntschaft</subfield>
      <subfield code="9">v:VD-16 Mitverf.</subfield>
    </datafield>
    <datafield tag="500" ind1="0" ind2=" ">
      <subfield code="0">(DE-101)100956955</subfield>
      <subfield code="0">(DE-588)100956955</subfield>
      <subfield code="0">https://d-nb.info/gnd/100956955</subfield>
      <subfield code="a">Matthias</subfield>
      <subfield code="c">Palmerius</subfield>
      <subfield code="d">1423-1483</subfield>
      <subfield code="4">beza</subfield>
      <subfield code="4">https://d-nb.info/standards/elementset/gnd#acquaintanceshipOrFriendship</subfield>
      <subfield code="w">r</subfield>
      <subfield code="i">Bekanntschaft</subfield>
      <subfield code="e">Bekanntschaft</subfield>
      <subfield code="9">v:VD-16 Mitverf.</subfield>
    </datafield>
    <datafield tag="548" ind1=" " ind2=" ">
      <subfield code="a">390-455</subfield>
      <subfield code="4">datl</subfield>
      <subfield code="4">https://d-nb.info/standards/elementset/gnd#dateOfBirthAndDeath</subfield>
      <subfield code="w">r</subfield>
      <subfield code="i">Lebensdaten</subfield>
      <subfield code="9">v:Geburts- und Todesjahr ca., Geburtsjahr auch 380</subfield>
    </datafield>
    <datafield tag="548" ind1=" " ind2=" ">
      <subfield code="a">03-</subfield>
      <subfield code="4">datu</subfield>
      <subfield code="4">https://d-nb.info/standards/elementset/gnd#udkCode</subfield>
      <subfield code="w">r</subfield>
      <subfield code="i">UDK</subfield>
    </datafield>
    <datafield tag="548" ind1=" " ind2=" ">
      <subfield code="a">04-</subfield>
      <subfield code="4">datu</subfield>
      <subfield code="4">https://d-nb.info/standards/elementset/gnd#udkCode</subfield>
      <subfield code="w">r</subfield>
      <subfield code="i">UDK</subfield>
    </datafield>
    <datafield tag="667" ind1=" " ind2=" ">
      <subfield code="a">12-PMA</subfield>
    </datafield>
    <datafield tag="667" ind1=" " ind2=" ">
      <subfield code="a">12</subfield>
    </datafield>
    <datafield tag="667" ind1=" " ind2=" ">
      <subfield code="a">7</subfield>
    </datafield>
    <datafield tag="667" ind1=" " ind2=" ">
      <subfield code="a">12-PAN</subfield>
    </datafield>
    <datafield tag="667" ind1=" " ind2=" ">
      <subfield code="a">VD-17</subfield>
    </datafield>
    <datafield tag="667" ind1=" " ind2=" ">
      <subfield code="a">VD-16</subfield>
    </datafield>
    <datafield tag="667" ind1=" " ind2=" ">
      <subfield code="a">TITAN;Maschinell verknuepft mit DBL-Retro-Titeldaten</subfield>
    </datafield>
    <datafield tag="667" ind1=" " ind2=" ">
      <subfield code="a">PND</subfield>
      <subfield code="5">G29/20.07.09</subfield>
      <subfield code="5">CH-ZuETHN</subfield>
    </datafield>
    <datafield tag="667" ind1=" " ind2=" ">
      <subfield code="a">Quelle: DNB-Normdaten</subfield>
    </datafield>
    <datafield tag="670" ind1=" " ind2=" ">
      <subfield code="a">PAN; LThK; CSGL</subfield>
    </datafield>
    <datafield tag="672" ind1=" " ind2="0">
      <subfield code="a">Prosper Aquitanus: DVO LIBELLI D. PROSPERI DE ORIGINAli peccato &amp; Libero arb: pro gratia contra recentiores ...  1562.  (VD16 P 5090)</subfield>
    </datafield>
    <datafield tag="672" ind1=" " ind2="0">
      <subfield code="a">Prosper Aquitanus: D. PROSPERI AQVITANICI, EPISCOPI REGIENsis, opera, accurata uetustorũ exemplarium ...  1540.  (VD16 P 5075)</subfield>
    </datafield>
    <datafield tag="672" ind1=" " ind2="0">
      <subfield code="a">Eusebius &lt;von Caesarea&gt;: Chronicon.  1529.  (VD16 ZV 5525)</subfield>
    </datafield>
    <datafield tag="672" ind1=" " ind2="0">
      <subfield code="a">Prosper Aquitanus: D. PROSPERI AQVITANICI, EPISCOPI REGIENsis, opera, accurata uetustorũ exemplarium ...  1540.  (VD16 ZV 12846)</subfield>
    </datafield>
    <datafield tag="672" ind1=" " ind2="0">
      <subfield code="a">Eusebius &lt;von Caesarea&gt;: Chronicon.  1536.  (VD16 ZV 5526)</subfield>
    </datafield>
    <datafield tag="672" ind1=" " ind2="0">
      <subfield code="a">Prosper Aquitanus: DIVI PROSPERI AQVITANICI, EPISCOPI REGIENSIS, OPERA, ACCVRATA VETVSTORVM EXEMPLARIVM ...  1565.  (VD16 P 5076)</subfield>
    </datafield>
    <datafield tag="672" ind1=" " ind2="0">
      <subfield code="a">Augustinus, Aurelius: Opera, Ausz.  1531.  (VD16 ZV 892)</subfield>
    </datafield>
    <datafield tag="672" ind1=" " ind2="0">
      <subfield code="a">Prosper Aquitanus: De libero arbitrio.  1524.  (VD16 P 5087)</subfield>
    </datafield>
    <datafield tag="672" ind1=" " ind2="0">
      <subfield code="a">Prosper Aquitanus: SANCTI PROSPERI presbyteri Aquitanici aduersus inimicos gratiae dei libellus,in quo &amp; de ...  1524.  (VD16 P 5077)</subfield>
    </datafield>
    <datafield tag="672" ind1=" " ind2="0">
      <subfield code="a">Augustinus, Aurelius: SENTENTIAE ALIQVOT VELVT APHORISMI,EX OMUIBVS Augustini ac aliorũ libris, per PROSPERVM ...  1531.  (VD16 A 4154)</subfield>
    </datafield>
    <datafield tag="672" ind1=" " ind2="0">
      <subfield code="a">Prosper &lt;de Aquitania&gt;: Epigrammata super Divi Aur Augustini Sententias quasdam exarata</subfield>
      <subfield code="f">1501</subfield>
    </datafield>
    <datafield tag="672" ind1=" " ind2="0">
      <subfield code="a">Prosper &lt;de Aquitania&gt;: Adversus inimicos gratiae Dei Libellus</subfield>
      <subfield code="f">1524</subfield>
    </datafield>
    <datafield tag="672" ind1=" " ind2="0">
      <subfield code="a">Prosper &lt;de Aquitania&gt;: Poème contre les ingrats</subfield>
      <subfield code="f">1650</subfield>
    </datafield>
    <datafield tag="672" ind1=" " ind2="0">
      <subfield code="a">Prosper &lt;de Aquitania&gt;: Poème contre les ingrats</subfield>
      <subfield code="f">1698</subfield>
    </datafield>
    <datafield tag="672" ind1=" " ind2="0">
      <subfield code="a">Prosper &lt;de Aquitania&gt;: Opera recognita</subfield>
      <subfield code="f">1539</subfield>
    </datafield>
    <datafield tag="672" ind1=" " ind2="0">
      <subfield code="a">Prosper &lt;de Aquitania&gt;: Opera</subfield>
      <subfield code="f">1565</subfield>
    </datafield>
    <datafield tag="672" ind1=" " ind2="0">
      <subfield code="a">Prosper &lt;de Aquitania&gt;: Opera</subfield>
      <subfield code="f">1566</subfield>
    </datafield>
    <datafield tag="672" ind1=" " ind2="0">
      <subfield code="a">Prosper &lt;de Aquitania&gt;: Opera</subfield>
      <subfield code="f">1577</subfield>
    </datafield>
    <datafield tag="672" ind1=" " ind2="0">
      <subfield code="a">Prosper &lt;de Aquitania&gt;: Opera</subfield>
      <subfield code="f">1609</subfield>
    </datafield>
    <datafield tag="672" ind1=" " ind2="0">
      <subfield code="a">Prosper &lt;de Aquitania&gt;: Opera omnia</subfield>
      <subfield code="f">1711</subfield>
    </datafield>
    <datafield tag="672" ind1=" " ind2="0">
      <subfield code="a">Eusebius &lt;von Caesarea&gt;: EN DAMVS CHRONICON DIVINVM PLANE OPVS ERVDI TISSIMORVM AVTORVM, REPETITVM AB IPSO ...  1529.  (VD16 E 4266)</subfield>
    </datafield>
    <datafield tag="672" ind1=" " ind2="0">
      <subfield code="a">Eusebius &lt;von Caesarea&gt;: HABES OPT.LECTOR CHRONICON OPVS FELICISSI ME RENATVM INFINITIS MEMBRIS EMENdatis ...  1536.  (VD16 E 4267)</subfield>
    </datafield>
    <datafield tag="678" ind1=" " ind2=" ">
      <subfield code="b">Laienmönch; Theologe und christl. Dichter; Kanzleischreiber von Papst Leo I.; Heiliger</subfield>
    </datafield>
    <datafield tag="678" ind1=" " ind2=" ">
      <subfield code="b">Laienmönch u. christl. Dichter</subfield>
    </datafield>
    <datafield tag="678" ind1=" " ind2=" ">
      <subfield code="b">Geburts- und Todesjahr ca., Geburtsjahr auch 380</subfield>
    </datafield>
    <datafield tag="913" ind1=" " ind2=" ">
      <subfield code="S">pnd</subfield>
      <subfield code="i">5</subfield>
      <subfield code="a">Prosper &lt;de Aquitania&gt;</subfield>
      <subfield code="0">(DE-588a)118793519</subfield>
    </datafield>
    <datafield tag="913" ind1=" " ind2=" ">
      <subfield code="S">pnd</subfield>
      <subfield code="i">5</subfield>
      <subfield code="a">Prosper &lt;de Aquitania&gt;</subfield>
      <subfield code="0">(DE-588a)174114095</subfield>
    </datafield>
    <datafield tag="913" ind1=" " ind2=" ">
      <subfield code="S">pnd</subfield>
      <subfield code="i">5</subfield>
      <subfield code="a">Prosper &lt;de Aquitania&gt;</subfield>
      <subfield code="0">(DE-588a)17439201X</subfield>
    </datafield>
    <datafield tag="913" ind1=" " ind2=" ">
      <subfield code="S">pnd</subfield>
      <subfield code="i">5</subfield>
      <subfield code="a">Prosper &lt;De Aquitania&gt;</subfield>
      <subfield code="0">(DE-588a)186603207</subfield>
    </datafield>
  </record>
